<record><leader>00000cas a22000007a 4500</leader><controlfield tag="001">41575853</controlfield><controlfield tag="008">990621d192019uusduwr ne      0    0eng d</controlfield><datafield ind1=" " ind2=" " tag="010"><subfield code="a">sn 99068110 </subfield></datafield><datafield ind1=" " ind2=" " tag="040"><subfield code="a">SXN</subfield><subfield code="b">eng</subfield><subfield code="c">SXN</subfield><subfield code="d">OCLCQ</subfield><subfield code="d">OCLCF</subfield><subfield code="d">OCLCO</subfield></datafield><datafield ind1="1" ind2=" " tag="029"><subfield code="a">AU@</subfield><subfield code="b">000020230495</subfield></datafield><datafield ind1=" " ind2=" " tag="042"><subfield code="a">msc</subfield></datafield><datafield ind1=" " ind2=" " tag="043"><subfield code="a">n-us-sd</subfield></datafield><datafield ind1="0" ind2="4" tag="245"><subfield code="a">The Day County news and Lily leader.</subfield></datafield><datafield ind1="1" ind2=" " tag="246"><subfield code="i">Issues for June 10-17, 1920 have title:</subfield><subfield code="a">Day County news</subfield></datafield><datafield ind1=" " ind2=" " tag="260"><subfield code="a">Bristol, S.D. :</subfield><subfield code="b">H.A. Patterson,</subfield><subfield code="c">1920-</subfield></datafield><datafield ind1=" " ind2=" " tag="300"><subfield code="a">v.</subfield></datafield><datafield ind1=" " ind2=" " tag="310"><subfield code="a">Weekly</subfield></datafield><datafield ind1="1" ind2=" " tag="362"><subfield code="a">Began in 1920.</subfield></datafield><datafield ind1=" " ind2=" " tag="530"><subfield code="a">Available on microfilm from: State Archives, South Dakota State Historical Society.</subfield></datafield><datafield ind1=" " ind2=" " tag="588"><subfield code="a">Description based on: Vol. 8, no. 3 (Feb. 19, 1920).</subfield></datafield><datafield ind1=" " ind2="0" tag="651"><subfield code="a">Bristol (S.D.)</subfield><subfield code="v">Newspapers.</subfield></datafield><datafield ind1=" " ind2="0" tag="651"><subfield code="a">Day County (S.D.)</subfield><subfield code="v">Newspapers.</subfield></datafield><datafield ind1=" " ind2="7" tag="655"><subfield code="a">Newspapers.</subfield><subfield code="2">fast</subfield><subfield code="0">(OCoLC)fst01423814</subfield></datafield><datafield ind1=" " ind2="7" tag="651"><subfield code="a">South Dakota</subfield><subfield code="z">Bristol.</subfield><subfield code="2">fast</subfield><subfield code="0">(OCoLC)fst01306152</subfield></datafield><datafield ind1=" " ind2="7" tag="651"><subfield code="a">South Dakota</subfield><subfield code="z">Day County.</subfield><subfield code="2">fast</subfield><subfield code="0">(OCoLC)fst01216010</subfield></datafield><datafield ind1=" " ind2=" " tag="752"><subfield code="a">United States</subfield><subfield code="b">South Dakota</subfield><subfield code="c">Day</subfield><subfield code="d">Bristol.</subfield></datafield><datafield ind1="1" ind2="4" tag="780"><subfield code="t">Day County news</subfield><subfield code="w">(DLC)sn 99068109</subfield></datafield><datafield ind1="1" ind2="4" tag="780"><subfield code="t">Lily leader</subfield><subfield code="w">(DLC)sn 99068108</subfield></datafield></record>